@article{perez2015recombination,
  title={Recombination in viruses: mechanisms, methods of study, and evolutionary consequences},
  author={P{\'e}rez-Losada, Marcos and Arenas, Miguel and Gal{\'a}n, Juan Carlos and Palero, Ferran and Gonz{\'a}lez-Candelas, Fernando},
  journal={Infection, Genetics and Evolution},
  volume={30},
  pages={296--307},
  year={2015},
  publisher={Elsevier}
}
@article{martin2015rdp4,
  title={RDP4: Detection and analysis of recombination patterns in virus genomes},
  author={Martin, Darren P and Murrell, Ben and Golden, Michael and Khoosal, Arjun and Muhire, Brejnev},
  journal={Virus evolution},
  volume={1},
  number={1},
  year={2015},
  publisher={Oxford University Press}
}
@article{martin2015rdp3,
  title={RDP4: Detection and analysis of recombination patterns in virus genomes},
  author={Martin, Darren P and Murrell, Ben and Golden, Michael and Khoosal, Arjun and Muhire, Brejnev},
  journal={Virus evolution},
  volume={1},
  number={1},
  year={2015},
  publisher={Oxford University Press}
}
@article{babin2020recan,
  title={Recan: Python tool for analysis of recombination events in viral genomes},
  author={Babin, Yuriy},
  journal={Journal of Open Source Software},
  volume={5},
  number={49},
  pages={2014},
  year={2020}
}
@article{chapman2000biopython,
  title={Biopython: Python tools for computational biology},
  author={Chapman, Brad and Chang, Jeffrey},
  journal={ACM Sigbio Newsletter},
  volume={20},
  number={2},
  pages={15--19},
  year={2000},
  publisher={ACM New York, NY, USA}
}
@article{rose2016rcsb,
  title={The RCSB protein data bank: integrative view of protein, gene and 3D structural information},
  author={Rose, Peter W and Prli{\'c}, Andreas and Altunkaya, Ali and Bi, Chunxiao and Bradley, Anthony R and Christie, Cole H and Costanzo, Luigi Di and Duarte, Jose M and Dutta, Shuchismita and Feng, Zukang and others},
  journal={Nucleic acids research},
  pages={gkw1000},
  year={2016},
  publisher={Oxford University Press}
}
@article{sprygin2018epidemiological,
  title={Epidemiological characterization of lumpy skin disease outbreaks in Russia in 2016},
  author={Sprygin, A and Artyuchova, E and Babin, YU and Prutnikov, P and Kostrova, E and Byadovskaya, O and Kononov, A},
  journal={Transboundary and emerging diseases},
  volume={65},
  number={6},
  pages={1514--1521},
  year={2018},
  publisher={Wiley Online Library}
}
@article{zhao2012genome,
  title={Genome-wide association study identifies a maternal copy-number deletion in PSG11 enriched among preeclampsia patients},
  author={Zhao, Linlu and Triche, Elizabeth W and Walsh, Kyle M and Bracken, Michael B and Saftlas, Audrey F and Hoh, Josephine and Dewan, Andrew T},
  journal={BMC pregnancy and childbirth},
  volume={12},
  number={1},
  pages={61},
  year={2012},
  publisher={Springer}
}
@book{griffiths2002modern,
  title={Modern genetic analysis: integrating genes and genomes},
  author={Griffiths, Anthony JF and Gelbart, William M and Lewontin, Richard C and Miller, Jeffrey H},
  volume={1},
  year={2002},
  publisher={Macmillan}
}
@article{protozanova2006base,
  title={Base-Stacking and Base-Pairing Contributions into Thermal Stability of the DNA Double Helix},
  author={Protozanova, Ekaterina and Frank-Kamenetskii, Maxim D and Yakovchuk, Peter},
  year={2006},
  publisher={Oxford University Press}
}